@article{david,
 author = {Agrawal, Nitin and Arulraj, Leo and Arpaci-Dusseau, Andrea C. and Arpaci-Dusseau, Remzi H.},
 title = {Emulating Goliath Storage Systems with David},
 journal = {Trans. Storage},
 issue_date = {January 2012},
 volume = {7},
 number = {4},
 month = feb,
 year = {2012},
 issn = {1553-3077},
 pages = {12:1--12:21},
 articleno = {12},
 numpages = {21},
 url = {http://doi.acm.org/10.1145/2078861.2078862},
 doi = {10.1145/2078861.2078862},
 acmid = {2078862},
 publisher = {ACM},
 address = {New York, NY, USA},
 keywords = {Storage systems, emulation, file systems, scalability},
} 

@inproceedings{exalt,
 author = {Wang, Yang and Kapritsos, Manos and Schmidt, Lara and Alvisi, Lorenzo and Dahlin, Mike},
 title = {Exalt: Empowering Researchers to Evaluate Large-scale Storage Systems},
 booktitle = {Proceedings of the 11th USENIX Conference on Networked Systems Design and Implementation},
 series = {NSDI'14},
 year = {2014},
 isbn = {978-1-931971-09-6},
 location = {Seattle, WA},
 pages = {129--141},
 numpages = {13},
 url = {http://dl.acm.org/citation.cfm?id=2616448.2616461},
 acmid = {2616461},
 publisher = {USENIX Association},
 address = {Berkeley, CA, USA},
} 

@article{atlas,
  title={Atlas: Leveraging locks for non-volatile memory consistency},
  author={Chakrabarti, Dhruva R and Boehm, Hans-J and Bhandari, Kumud},
  journal={ACM SIGPLAN Notices},
  volume={49},
  number={10},
  pages={433--452},
  year={2014},
  publisher={ACM}
}

@Manual{xpoint,
    title={Intel 3D XPoint Unveiled},
    author={Intel},
    note={Available at \url{http://www.intel.com/content/www/us/en/architecture-and-technology/3d-xpoint-unveiled-video.html}}
}

@Manual{hp_machine,
    title={The Machine},
    author={Hewlett Packard},
    note={Available at \url{https://www.labs.hpe.com/the-machine}},
}

@inproceedings{quartz,
 author = {Volos, Haris and Magalhaes, Guilherme and Cherkasova, Ludmila and Li, Jun},
 title = {Quartz: A Lightweight Performance Emulator for Persistent Memory Software},
 booktitle = {Proceedings of the 16th Annual Middleware Conference},
 series = {Middleware '15},
 year = {2015},
 isbn = {978-1-4503-3618-5},
 location = {Vancouver, BC, Canada},
 pages = {37--49},
 numpages = {13},
 url = {http://doi.acm.org/10.1145/2814576.2814806},
 doi = {10.1145/2814576.2814806},
 acmid = {2814806},
 publisher = {ACM},
 address = {New York, NY, USA},
 keywords = {Performance modeling, benchmarking, memory throttling, performance counters, profiling},
}
